<?xml version="1.0" encoding="UTF-8"?><collection xmlns="http://www.loc.gov/MARC21/slim"><record><leader>00378nam--2200133-i-4500</leader><controlfield tag="001">000008735</controlfield><controlfield tag="002">20161230</controlfield><controlfield tag="005">20161230201027</controlfield><controlfield tag="008">060222s1000------------r-----000-0-eng-d</controlfield><datafield ind1=" " ind2=" " tag="080"><subfield code="a">559.183.11</subfield></datafield><datafield ind1=" " ind2=" " tag="100"><subfield code="a">Benari, S</subfield></datafield><datafield ind1=" " ind2=" " tag="245"><subfield code="a">Schimpatori de ioni.studiu de sinteza</subfield></datafield><datafield ind1=" " ind2=" " tag="260"><subfield code="a">Bucuresti, Centrul De Documentare Al Industrie I Chimice Si Petroliere, 1968. 181 P</subfield></datafield><datafield ind1=" " ind2=" " tag="852"><subfield code="a">29991</subfield></datafield></record></collection>